%%%%%%%%%%%% bibliography %%%%%%%%%%%%%%%
% Summary
@misc{1,
  title = {\textbf{bc-xml-security}},
  howpublished = {https://github.com/kmvi/bc-xml-security},
}

@misc{2,
  title = {\textbf{bc-xml-security fork}},
  howpublished = {https://github.com/EdoardoLenzi9/bc-xml-security},
}

@misc{3,
  title = {\textbf{Bouncy Castle}},
  howpublished = {http://www.bouncycastle.org/csharp/},
}